@article {Consolini2005,
  author = {Consolini, Giuseppe and Kretzschmar, Matthieu and Lui, Anthony T. Y. and Zimbardo, Gaetano and Macek, Wieslaw M.},
  title = {On the magnetic field fluctuations during magnetospheric tail current disruption: A statistical approach},
  journal = {Journal of Geophysical Research: Space Physics},
  volume = {110},
  number = {A7},
  issn = {2156-2202},
  url = {http://dx.doi.org/10.1029/2004JA010947},
  doi = {10.1029/2004JA010947},
  pages = {n/a--n/a},
  keywords = {Magnetic storms and substorms, Field-aligned currents and current systems, Magnetotail, Stochastic processes, Scaling: spatial and temporal, magnetic substorms, tail current disruption, dipolarization processes, anomalous diffusion processes, complexity, turbulence},
  year = {2005},
  note = {A07202}
}
